<?xml version="1.0" encoding="UTF-8"?><collection xmlns="http://www.loc.gov/MARC21/slim"><record><leader>00403nam--2200157-i-4500</leader><controlfield tag="001">000039106</controlfield><controlfield tag="002">20161230</controlfield><controlfield tag="005">20170110233519</controlfield><controlfield tag="008">060222s1000------------r-----000-0-eng-d</controlfield><datafield ind1=" " ind2=" " tag="100"><subfield code="a">Riezler, Wolfgang</subfield></datafield><datafield ind1=" " ind2=" " tag="245"><subfield code="a">Kerntechnik. Physik, technologie, reaktoren</subfield></datafield><datafield ind1=" " ind2=" " tag="260"><subfield code="a">Stuttgart</subfield><subfield code="b">B.G.Teubner</subfield><subfield code="c">1958</subfield></datafield><datafield ind1=" " ind2=" " tag="300"><subfield code="a">XX + 1002 p</subfield></datafield><datafield ind1=" " ind2=" " tag="700"><subfield code="a">Walcher, W</subfield></datafield><datafield ind1=" " ind2=" " tag="852"><subfield code="a">13606</subfield></datafield><datafield ind1=" " ind2=" " tag="CAT"><subfield code="a">SYS</subfield><subfield code="c">20170110</subfield><subfield code="h">233519</subfield></datafield></record></collection>